% Encoding: windows-1250

@ELECTRONIC{Herout-Abstract,
  author = {Adam Herout},
  month = {Dec},
  year = {2013},
  title = {Jak ps\'{a}t abstrakt},
  language = {CZ},
  howpublished = {blogpost (czech)},
  note = {\url{http://www.herout.net/blog/2013/12/jak-psat-abstrakt/}},
  url = {http://www.herout.net/blog/2013/12/jak-psat-abstrakt/},
  owner = {Herout},
  timestamp = {2015.01.20}
}

@Electronic{Herout-Comics,
  author       = {Adam Herout},
  title        = {Diplomka / Comics Edition},
  year         = {2013},
  language     = {CZ},
  note         = {\url{http://www.herout.net/blog/2013/03/diplomka-comics-edition/}},
  month        = {March},
  howpublished = {blogpost (czech)},
  owner        = {Herout},
  timestamp    = {2015.01.20},
}

@BOOK{Lebrun2011,
  title = {Scientific Writing 2.0: a reader and writer's guide},
  publisher = {World Scientific Publishing},
  year = {2011},
  author = {Jean-Luc Lebrun},
  note = {ISBN: 9814350605},
  owner = {herout},
  timestamp = {2015.01.20}
}

@BOOK{KafkaBook,
  title = {Kafka: The Definitive Guide: Real-Time Data and Stream Processing at Scale},
  publisher = {O'Reilly},
  year = {2017},
  author = {Todd Palino, Neha Narkhede, Gwen Shapira},
  note = {ISBN: 978-1491936160},
  owner = {Todd Palino, Neha Narkhede, Gwen Shapira},
}

@MISC{Kafka,
    author =       "Apache Software foundation",
    title =        "Apache Kafka",
    howpublished =	"Online",
    url =          "https://kafka.apache.org/documentation/",
    note =         "[Online; visited 2019/06/18]"
}

@MISC{Kubernetes,
    author =       "The Kubernetes Authors",
    title =        "Kubernetes",
    howpublished =	"Online",
    url =          "https://kubernetes.io/docs/home/",
    note =         "[Online; visited 2019/07/15]"
}

@MISC{Quarkus,
    author =       "Redhat",
    title =        "Quarkus, Supersonic \& Subatomic java",
    howpublished =	"Online",
    url =          "https://quarkus.io/guides/",
    note =         "[Online; visited 2019/09/15]"
}

@MISC{Debezium,
    author =       "Debezium Community",
    title =        "Debezium \---\ Stream changes from your database",
    howpublished =	"Online",
    url =          "https://debezium.io/documentation/",
    note =         "[Online; visited 2020/01/23]"
}

@MISC{React,
    author =       "Facebook Inc",
    title =        "React \---\ A JavaScript library for building user interfaces",
    howpublished =	"Online",
    url =          "https://reactjs.org/docs/getting-started.html",
    note =         "[Online; visited 2019/11/03]"
}


@Comment{jabref-meta: databaseType:biblatex;}